<record><leader>00000cas a22000007a 4500</leader><controlfield tag="001">11868659</controlfield><controlfield tag="008">850330d18471888ohuwr ne      0   a0eng d</controlfield><datafield ind1=" " ind2=" " tag="010"><subfield code="a">sn 85038180 </subfield></datafield><datafield ind1=" " ind2=" " tag="040"><subfield code="a">NPY</subfield><subfield code="b">eng</subfield><subfield code="c">NPY</subfield><subfield code="d">NPX</subfield><subfield code="d">NPU</subfield><subfield code="d">ONP</subfield><subfield code="d">OCLCQ</subfield><subfield code="d">DLC</subfield><subfield code="d">OCLCO</subfield><subfield code="d">DLC</subfield><subfield code="d">OCLCF</subfield></datafield><datafield ind1="0" ind2=" " tag="022"><subfield code="a">2376-1547</subfield><subfield code="2">1</subfield></datafield><datafield ind1=" " ind2=" " tag="042"><subfield code="a">msc</subfield><subfield code="a">nsdp</subfield></datafield><datafield ind1=" " ind2=" " tag="043"><subfield code="a">n-us-oh</subfield></datafield><datafield ind1="0" ind2="0" tag="050"><subfield code="a">Newspaper</subfield></datafield><datafield ind1="0" ind2="0" tag="082"><subfield code="a">071</subfield><subfield code="2">23</subfield></datafield><datafield ind1="0" ind2=" " tag="130"><subfield code="a">Jackson standard (Jackson, Ohio)</subfield></datafield><datafield ind1=" " ind2="4" tag="222"><subfield code="a">The Jackson standard</subfield><subfield code="b">(Jackson, Ohio. Print)</subfield></datafield><datafield ind1="1" ind2="4" tag="245"><subfield code="a">The Jackson standard.</subfield></datafield><datafield ind1=" " ind2=" " tag="260"><subfield code="a">Jackson C.H., Ohio :</subfield><subfield code="b">Laird &amp; Matthews,</subfield><subfield code="c">-1888.</subfield></datafield><datafield ind1=" " ind2=" " tag="300"><subfield code="a">v.</subfield></datafield><datafield ind1=" " ind2=" " tag="310"><subfield code="a">Weekly</subfield></datafield><datafield ind1="1" ind2=" " tag="362"><subfield code="a">Began in Mar. 1847.</subfield></datafield><datafield ind1="0" ind2=" " tag="362"><subfield code="a">-v. 44, no. 80 (July 26, 1888) = -Whole no. 2141.</subfield></datafield><datafield ind1=" " ind2=" " tag="500"><subfield code="a">Whig, 1847-1854; Republican, 1855-1888.</subfield></datafield><datafield ind1=" " ind2=" " tag="530"><subfield code="a">Archived issues are available in digital format from the Library of Congress Chronicling America online collection.</subfield></datafield><datafield ind1=" " ind2=" " tag="588"><subfield code="a">Description based on: Vol. 6, no. 39 (Dec. 23, 1852).</subfield></datafield><datafield ind1=" " ind2="0" tag="651"><subfield code="a">Jackson (Ohio)</subfield><subfield code="v">Newspapers.</subfield></datafield><datafield ind1=" " ind2="7" tag="655"><subfield code="a">Newspapers.</subfield><subfield code="2">fast</subfield><subfield code="0">(OCoLC)fst01423814</subfield></datafield><datafield ind1=" " ind2="7" tag="651"><subfield code="a">Ohio</subfield><subfield code="z">Jackson.</subfield><subfield code="2">fast</subfield><subfield code="0">(OCoLC)fst01232211</subfield></datafield><datafield ind1=" " ind2=" " tag="752"><subfield code="a">United States</subfield><subfield code="b">Ohio</subfield><subfield code="c">Jackson</subfield><subfield code="d">Jackson.</subfield></datafield><datafield ind1=" " ind2=" " tag="752"><subfield code="a">United States</subfield><subfield code="b">Ohio</subfield><subfield code="c">Jackson</subfield><subfield code="d">Jackson Court House.</subfield></datafield><datafield ind1="0" ind2=" " tag="775"><subfield code="t">Jackson daily standard</subfield><subfield code="x">2376-1512</subfield><subfield code="w">(DLC)sn 87075147</subfield><subfield code="w">(OCoLC)16823578</subfield></datafield><datafield ind1="0" ind2="8" tag="776"><subfield code="i">Online version:</subfield><subfield code="t">Jackson standard (Jackson, Ohio)</subfield><subfield code="x">2376-1555</subfield><subfield code="w">(DLC)  2014218805</subfield><subfield code="w">(OCoLC)895039236</subfield></datafield><datafield ind1="0" ind2="7" tag="785"><subfield code="t">Jackson journal</subfield><subfield code="w">(DLC)sn 87075146</subfield><subfield code="w">(OCoLC)16823573</subfield></datafield><datafield ind1="0" ind2="7" tag="785"><subfield code="t">Jackson standard-journal</subfield><subfield code="w">(DLC)sn 85038181</subfield><subfield code="w">(OCoLC)11868662</subfield></datafield><datafield ind1="4" ind2="1" tag="856"><subfield code="u">http://www.loc.gov/chroniclingamerica/lccn/sn85038180/issues</subfield></datafield></record>